<collection xmlns="http://www.loc.gov/MARC21/slim">
<record>
  <leader>01184nam0a2200229 i 450 </leader>
  <controlfield tag="001">IT\ICCU\CNCE\000805</controlfield>
  <controlfield tag="005">20080206000000.0</controlfield>
  <datafield tag="012" ind1=" " ind2=" ">
    <subfield code="a">alho e.e, o.o, ChQu (3) 1555 (R)</subfield>
    <subfield code="2">fei</subfield>
  </datafield>
  <datafield tag="100" ind1=" " ind2=" ">
    <subfield code="a">19970101d1555        0itac0103    ba</subfield>
  </datafield>
  <datafield tag="101" ind1=" " ind2=" ">
    <subfield code="a">ITA</subfield>
  </datafield>
  <datafield tag="102" ind1=" " ind2=" ">
    <subfield code="a">IT</subfield>
  </datafield>
  <datafield tag="200" ind1="1" ind2=" ">
    <subfield code="a">℗Il ℗sacro et diuino sponsalitio del gran Philippo d&apos;Austria et della sacra Maria regina d&apos;Inghilterra ... fabricato in ottaua rima per l&apos;Albicante furibondo</subfield>
  </datafield>
  <datafield tag="210" ind1=" " ind2=" ">
    <subfield code="a">In Milano</subfield>
    <subfield code="c">dai Moscheni</subfield>
    <subfield code="d">1555</subfield>
    <subfield code="e">In Milano</subfield>
    <subfield code="g">appresso di Francesco et Simone Moscheni fratelli</subfield>
    <subfield code="h">1555</subfield>
  </datafield>
  <datafield tag="215" ind1=" " ind2=" ">
    <subfield code="a">46, \2! c.</subfield>
    <subfield code="d">8ʻ</subfield>
  </datafield>
  <datafield tag="620" ind1=" " ind2=" ">
    <subfield code="a">IT</subfield>
    <subfield code="d">Milano</subfield>
  </datafield>
  <datafield tag="700" ind1=" " ind2="1">
    <subfield code="a">Albicante,</subfield>
    <subfield code="b">Giovanni Alberto</subfield>
    <subfield code="3">IT\ICCU\CNCA\000241</subfield>
  </datafield>
  <datafield tag="712" ind1="0" ind2="0">
    <subfield code="a">Moscheni, Francesco &amp; Moscheni, Simone</subfield>
    <subfield code="3">IT\ICCU\CNCT\000395</subfield>
    <subfield code="4">650</subfield>
  </datafield>
  <datafield tag="801" ind1=" " ind2="3">
    <subfield code="a">IT</subfield>
    <subfield code="b">ICCU</subfield>
    <subfield code="c">20201113</subfield>
  </datafield>
  <datafield tag="899" ind1=" " ind2=" ">
    <subfield code="a">Biblioteca nazionale Braidense. Milano</subfield>
    <subfield code="1">MI0185</subfield>
    <subfield code="2">MIL NB</subfield>
  </datafield>
  <datafield tag="899" ind1=" " ind2=" ">
    <subfield code="a">British Library. London</subfield>
    <subfield code="1">UK0001</subfield>
  </datafield>
  <datafield tag="911" ind1=" " ind2=" ">
    <subfield code="a">Sul front.</subfield>
    <subfield code="9">IT\ICCU\CNCM\000792</subfield>
  </datafield>
  <datafield tag="921" ind1=" " ind2=" ">
    <subfield code="a">IT\ICCU\CNCM\000792</subfield>
    <subfield code="b">Guerriero con elmo e lancia e dotto con libro aperto in mano</subfield>
    <subfield code="e">1) Unum nihil, duos plurimum posse; 2) Maggior forza non  ̈se fian congionti</subfield>
    <subfield code="c">Z725</subfield>
    <subfield code="d">Dimensioni: 4,2 x 4,5</subfield>
    <subfield code="f">GUERRIERO</subfield>
    <subfield code="f">LANCIA</subfield>
    <subfield code="f">LIBRO</subfield>
    <subfield code="f">UNUMNIHILD</subfield>
    <subfield code="g">1551-1562</subfield>
  </datafield>
</record>
</collection>
